
% Journals

% First the Full Name is given, then the abbreviation used in the AMS Math
% Reviews, with an indication if it could not be found there.
% Note the 2nd overwrites the 1st, so swap them if you want the full name.

 %{AMS}
 @String{AMSTrans = "American Mathematical Society Translations" }
 @String{AMSTrans = "Amer. Math. Soc. Transl." }
 @String{BullAMS = "Bulletin of the American Mathematical Society" }
 @String{BullAMS = "Bull. Amer. Math. Soc." }
 @String{ProcAMS = "Proceedings of the American Mathematical Society" }
 @String{ProcAMS = "Proc. Amer. Math. Soc." }
 @String{TransAMS = "Transactions of the American Mathematical Society" }
 @String{TransAMS = "Trans. Amer. Math. Soc." }

 %ACM
 @String{CACM = "Communications of the {ACM}" }
 @String{CACM = "Commun. {ACM}" }
 @String{CompServ = "Comput. Surveys" }
 @String{JACM = "J. ACM" }
 @String{ACMMathSoft = "{ACM} Transactions on Mathematical Software" }
 @String{ACMMathSoft = "{ACM} Trans. Math. Software" }
 @String{SIGNUM = "{ACM} {SIGNUM} Newsletter" }
 @String{SIGNUM = "{ACM} {SIGNUM} Newslett." }

 @String{AmerSocio = "American Journal of Sociology" }
 @String{AmerStatAssoc = "Journal of the American Statistical Association" }
 @String{AmerStatAssoc = "J. Amer. Statist. Assoc." }
 @String{ApplMathComp = "Applied Mathematics and Computation" }
 @String{ApplMathComp = "Appl. Math. Comput." }
 @String{AmerMathMonthly = "American Mathematical Monthly" }
 @String{AmerMathMonthly = "Amer. Math. Monthly" }
 @String{BIT = "{BIT}" }
 @String{BritStatPsych = "British Journal of Mathematical and Statistical
          Psychology" }
 @String{BritStatPsych = "Brit. J. Math. Statist. Psych." }
 @String{CanMathBull = "Canadian Mathematical Bulletin" }
 @String{CanMathBull = "Canad. Math. Bull." }
 @String{CompApplMath = "Journal of Computational and Applied Mathematics" }
 @String{CompApplMath = "J. Comput. Appl. Math." }
 @String{CompPhys = "Journal of Computational Physics" }
 @String{CompPhys = "J. Comput. Phys." }
 @String{CompStruct = "Computers and Structures" }
 @String{CompStruct = "Comput. \& Structures" }
 @String{CompJour = "The Computer Journal" }
 @String{CompJour = "Comput. J." }
 @String{CompSysSci = "Journal of Computer and System Sciences" }
 @String{CompSysSci = "J. Comput. System Sci." }
 @String{Computing = "Computing" }
 @String{ContempMath = "Contemporary Mathematics" }
 @String{ContempMath = "Contemp. Math." }
 @String{Crelle = "Crelle's Journal" }
 @String{GiornaleMath = "Giornale di Mathematiche" }
 @String{GiornaleMath = "Giorn. Mat." } % didn't find in AMS MR., ibid.

 %IEEE
 @String{Computer = "{IEEE} Computer" }
 @String{IEEETransComp = "{IEEE} Transactions on Computers" }
 @String{IEEETransComp = "{IEEE} Trans. Comput." }
 @String{IEEETransAC = "{IEEE} Transactions on Automatic Control" }
 @String{IEEETransAC = "{IEEE} Trans. Automat. Control" }
 @String{IEEESpec = "{IEEE} Spectrum" } % didn't find in AMS MR
 @String{ProcIEEE = "Proceedings of the {IEEE}" }
 @String{ProcIEEE = "Proc. {IEEE}" } % didn't find in AMS MR
 @String{IEEETransAeroElec = "{IEEE} Transactions on Aerospace and Electronic
     Systems" }
 @String{IEEETransAeroElec = "{IEEE} Trans. Aerospace Electron. Systems" }

 @String{IMANumerAna = "{IMA} Journal of Numerical Analysis" }
 @String{IMANumerAna = "{IMA} J. Numer. Anal." }
 @String{InfProcLet = "Information Processing Letters" }
 @String{InfProcLet = "Inform. Process. Lett." }
 @String{InstMathApp = "Journal of the Institute of Mathematics and
     its Applications" }
 @String{InstMathApp = "J. Inst. Math. Appl." }
 @String{IntControl = "International Journal of Control" }
 @String{IntControl = "Internat. J. Control" }
 @String{IntNumerEng = "International Journal for Numerical Methods in
     Engineering" }
 @String{IntNumerEng = "Internat. J. Numer. Methods Engrg." }
 @String{IntSuper = "International Journal of Supercomputing Applications" }
 @String{IntSuper = "Internat. J. Supercomputing Applic." } % didn't find
%% in AMS MR
 @String{Kibernetika = "Kibernetika" }
 @String{JResNatBurStand = "Journal of Research of the National Bureau
     of Standards" }
 @String{JResNatBurStand = "J. Res. Nat. Bur. Standards" }
 @String{LinAlgApp = "Linear Algebra and its Applications" }
 @String{LinAlgApp = "Linear Algebra Appl." }
 @String{MathAnaAppl = "Journal of Mathematical Analysis and Applications" }
 @String{MathAnaAppl = "J. Math. Anal. Appl." }
 @String{MathAnnalen = "Mathematische Annalen" }
 @String{MathAnnalen = "Math. Ann." }
 @String{MathPhys = "Journal of Mathematical Physics" }
 @String{MathPhys = "J. Math. Phys." }
 @String{MathComp = "Mathematics of Computation" }
 @String{MathComp = "Math. Comp." }
 @String{MathScand = "Mathematica Scandinavica" }
 @String{MathScand = "Math. Scand." }
 @String{TablesAidsComp = "Mathematical Tables and Other Aids to Computation" }
 @String{TablesAidsComp = "Math. Tables Aids Comput." }
 @String{NumerMath = "Numerische Mathematik" }
 @String{NumerMath = "Numer. Math." }
 @String{PacificMath = "Pacific Journal of Mathematics" }
 @String{PacificMath = "Pacific J. Math." }
 @String{ParDistComp = "Journal of Parallel and Distributed Computing" }
 @String{ParDistComp = "J. Parallel and Distrib. Comput." } % didn't find
%% in AMS MR
 @String{ParComputing = "Parallel Computing" }
 @String{ParComputing = "Parallel Comput." }
 @String{PhilMag = "Philosophical Magazine" }
 @String{PhilMag = "Philos. Mag." }
 @String{ProcNAS = "Proceedings of the National Academy of Sciences
                    of the USA" }
 @String{ProcNAS = "Proc. Nat. Acad. Sci. U. S. A." }
 @String{Psychometrika = "Psychometrika" }
 @String{QuartMath = "Quarterly Journal of Mathematics, Oxford, Series (2)" }
 @String{QuartMath = "Quart. J. Math. Oxford Ser. (2)" }
 @String{QuartApplMath = "Quarterly of Applied Mathematics" }
 @String{QuartApplMath = "Quart. Appl. Math." }
 @String{RevueInstStat = "Review of the International Statisical Institute" }
 @String{RevueInstStat = "Rev. Inst. Internat. Statist." }

 %SIAM
 @String{JSIAM = "Journal of the Society for Industrial and Applied
     Mathematics" }
 @String{JSIAM = "J. Soc. Indust. Appl. Math." }
 @String{JSIAMB = "Journal of the Society for Industrial and Applied
     Mathematics, Series B, Numerical Analysis" }
 @String{JSIAMB = "J. Soc. Indust. Appl. Math. Ser. B Numer. Anal." }
 @String{SIAMAlgMeth = "{SIAM} Journal on Algebraic and Discrete Methods" }
 @String{SIAMAlgMeth = "{SIAM} J. Algebraic Discrete Methods" }
 @String{SIAMAppMath = "{SIAM} Journal on Applied Mathematics" }
 @String{SIAMAppMath = "{SIAM} J. Appl. Math." }
 @String{SIAMComp = "{SIAM} Journal on Computing" }
 @String{SIAMComp = "{SIAM} J. Comput." }
 @String{SIAMMatrix = "{SIAM} Journal on Matrix Analysis and Applications" }
 @String{SIAMMatrix = "{SIAM} J. Matrix Anal. Appl." }
 @String{SIAMNumAnal = "{SIAM} Journal on Numerical Analysis" }
 @String{SIAMNumAnal = "{SIAM} J. Numer. Anal." }
 @String{SIAMReview = "{SIAM} Review" }
 @String{SIAMReview = "{SIAM} Rev." }
 @String{SIAMSciStat = "{SIAM} Journal on Scientific and Statistical
     Computing" }
 @String{SIAMSciStat = "{SIAM} J. Sci. Statist. Comput." }

 @String{SoftPracExp = "Software Practice and Experience" }
 @String{SoftPracExp = "Software Prac. Experience" } % didn't find in AMS MR
 @String{StatScience = "Statistical Science" }
 @String{StatScience = "Statist. Sci." }
 @String{Techno = "Technometrics" }
 @String{USSRCompMathPhys = "{USSR} Computational Mathematics and Mathematical
     Physics" }
 @String{USSRCompMathPhys = "{U. S. S. R.} Comput. Math. and Math. Phys." }
 @String{VLSICompSys = "Journal of {VLSI} and Computer Systems" }
 @String{VLSICompSys = "J. {VLSI} Comput. Syst." }
 @String{ZAngewMathMech = "Zeitschrift fur Angewandte Mathematik und
     Mechanik" }
 @String{ZAngewMathMech = "Z. Angew. Math. Mech." }
 @String{ZAngewMathPhys = "Zeitschrift fur Angewandte Mathematik und Physik" }
 @String{ZAngewMathPhys = "Z. Angew. Math. Phys." }

% Publishers % ================================================= |

 @String{Academic = "Academic Press" }
 @String{ACMPress = "{ACM} Press" }
 @String{AdamHilger = "Adam Hilger" }
 @String{AddisonWesley = "Addison-Wesley" }
 @String{AllynBacon = "Allyn and Bacon" }
 @String{AMS = "American Mathematical Society" }
 @String{Birkhauser = "Birkha{\"u}ser" }
 @String{CambridgePress = "Cambridge University Press" }
 @String{Chelsea = "Chelsea" }
 @String{ClaredonPress = "Claredon Press" }
 @String{DoverPub = "Dover Publications" }
 @String{Eyolles = "Eyolles" }
 @String{HoltRinehartWinston = "Holt, Rinehart and Winston" }
 @String{Interscience = "Interscience" }
 @String{JohnsHopkinsPress = "The Johns Hopkins University Press" }
 @String{JohnWileySons = "John Wiley and Sons" }
 @String{Macmillan = "Macmillan" }
 @String{MathWorks = "The Math Works Inc." }
 @String{McGrawHill = "McGraw-Hill" }
 @String{NatBurStd = "National Bureau of Standards" }
 @String{NorthHolland = "North-Holland" }
 @String{OxfordPress = "Oxford University Press" }  %address Oxford or London?
 @String{PergamonPress = "Pergamon Press" }
 @String{PlenumPress = "Plenum Press" }
 @String{PrenticeHall = "Prentice-Hall" }
 @String{SIAMPub = "{SIAM} Publications" }
 @String{Springer = "Springer-Verlag" }
 @String{TexasPress = "University of Texas Press" }
 @String{VanNostrand = "Van Nostrand" }
 @String{WHFreeman = "W. H. Freeman and Co." }

[1]
@inproceedings{das_cf,
  author    = {Abhinandan Das and
               Mayur Datar and
               Ashutosh Garg and
               Shyamsundar Rajaram},
  _editor    = {Carey L. Williamson and
               Mary Ellen Zurko and
               Peter F. Patel{-}Schneider and
               Prashant J. Shenoy},
  title     = {Google news personalization: scalable online collaborative filtering},
  booktitle = {{WWW},2010},
  _booktitle = {Proceedings of the 16th International Conference on World Wide Web,
               {WWW} 2007, Banff, Alberta, Canada, May 8-12, 2007},
  pages     = {271--280},
  publisher = {{ACM}},
  year      = {2007},
  _url       = {https://doi.org/10.1145/1242572.1242610},
  _doi       = {10.1145/1242572.1242610},
  _timestamp = {Wed, 14 Nov 2018 10:55:40 +0100},
  _biburl    = {https://dblp.org/rec/conf/www/DasDGR07.bib},
  _bibsource = {dblp computer science bibliography, https://dblp.org}
}
a service of Schloss Dagstuhl - Leibniz Center for Informatics	homebrowsesearchabout
w3c valid html last updated on 2018-11-14 10:55 CET by the dblp team

[2]
@inproceedings{li_contextual_bandit,
  author    = {Lihong Li and
               Wei Chu and
               John Langford and
               Robert E. Schapire},
  _editor    = {Michael Rappa and
               Paul Jones and
               Juliana Freire and
               Soumen Chakrabarti},
  title     = {A contextual-bandit approach to personalized news article recommendation},
  booktitle = {{WWW}, 2010},
  _booktitle = {Proceedings of the 19th International Conference on World Wide Web,
               {WWW} 2010, Raleigh, North Carolina, USA, April 26-30, 2010},
  pages     = {661--670},
  publisher = {{ACM}},
  year      = {2010},
  _url       = {https://doi.org/10.1145/1772690.1772758},
  _doi       = {10.1145/1772690.1772758},
  _timestamp = {Tue, 06 Nov 2018 16:57:07 +0100},
  _biburl    = {https://dblp.org/rec/conf/www/LiCLS10.bib},
  _bibsource = {dblp computer science bibliography, https://dblp.org}
}

[5]
@inproceedings{liu_bayesian_news_trend,
  author    = {Jiahui Liu and
               Peter Dolan and
               Elin R{\o}nby Pedersen},
  _editor    = {Charles Rich and
               Qiang Yang and
               Marc Cavazza and
               Michelle X. Zhou},
  title     = {Personalized news recommendation based on click behavior},
  booktitle = {{IUI},2010},
  _booktitle = {Proceedings of the 15th International Conference on Intelligent User
               Interfaces, {IUI} 2010, Hong Kong, China, February 7-10, 2010},
  pages     = {31--40},
  publisher = {{ACM}},
  year      = {2010},
  _url       = {https://doi.org/10.1145/1719970.1719976},
  _doi       = {10.1145/1719970.1719976},
  _timestamp = {Tue, 06 Nov 2018 11:07:41 +0100},
  _biburl    = {https://dblp.org/rec/conf/iui/LiuDP10.bib},
  _bibsource = {dblp computer science bibliography, https://dblp.org}
}

[6]
@inproceedings{li_SCENE,
  author    = {Lei Li and
               Dingding Wang and
               Tao Li and
               Daniel Knox and
               Balaji Padmanabhan},
  _editor    = {Wei{-}Ying Ma and
               Jian{-}Yun Nie and
               Ricardo Baeza{-}Yates and
               Tat{-}Seng Chua and
               W. Bruce Croft},
  title     = {{SCENE:} a scalable two-stage personalized news recommendation system},
  booktitle = {{SIGIR},2011},
  _booktitle = {Proceeding of the 34th International {ACM} {SIGIR} Conference on Research
               and Development in Information Retrieval, {SIGIR} 2011, Beijing, China,
               July 25-29, 2011},
  pages     = {125--134},
  publisher = {{ACM}},
  year      = {2011},
  _url       = {https://doi.org/10.1145/2009916.2009937},
  _doi       = {10.1145/2009916.2009937},
  _timestamp = {Sun, 22 Sep 2019 18:15:38 +0200},
  _biburl    = {https://dblp.org/rec/conf/sigir/LiWLKP11.bib},
  _bibsource = {dblp computer science bibliography, https://dblp.org}
}

[8]
@inproceedings{okura_GRU,
  author    = {Shumpei Okura and
               Yukihiro Tagami and
               Shingo Ono and
               Akira Tajima},
  title     = {Embedding-based News Recommendation for Millions of Users},
  booktitle = {{SIGKDD},2017},
  _booktitle = {Proceedings of the 23rd {ACM} {SIGKDD} International Conference on
               Knowledge Discovery and Data Mining, Halifax, NS, Canada, August 13
               - 17, 2017},
  pages     = {1933--1942},
  publisher = {{ACM}},
  year      = {2017},
  _url       = {https://doi.org/10.1145/3097983.3098108},
  _doi       = {10.1145/3097983.3098108},
  _timestamp = {Fri, 25 Dec 2020 01:14:16 +0100},
  _biburl    = {https://dblp.org/rec/conf/kdd/OkuraTOT17.bib},
  _bibsource = {dblp computer science bibliography, https://dblp.org}
}

[9]
@article{koren_MF,
  author    = {Yehuda Koren and
               Robert M. Bell and
               Chris Volinsky},
  title     = {Matrix Factorization Techniques for Recommender Systems},
  journal   = {Computer},
  volume    = {42},
  number    = {8},
  pages     = {30--37},
  year      = {2009},
  _url       = {https://doi.org/10.1109/MC.2009.263},
  _doi       = {10.1109/MC.2009.263},
  _timestamp = {Wed, 12 Aug 2020 10:29:35 +0200},
  _biburl    = {https://dblp.org/rec/journals/computer/KorenBV09.bib},
  _bibsource = {dblp computer science bibliography, https://dblp.org}
}

[10]
@inproceedings{rendle_FM,
  author    = {Steffen Rendle},
  _editor    = {Geoffrey I. Webb and
               Bing Liu and
               Chengqi Zhang and
               Dimitrios Gunopulos and
               Xindong Wu},
  title     = {Factorization Machines},
  booktitle = {{ICDM},2010},
  _booktitle = {{ICDM} 2010, The 10th {IEEE} International Conference on Data Mining,
               Sydney, Australia, 14-17 December 2010},
  pages     = {995--1000},
  publisher = {{IEEE} Computer Society},
  year      = {2010},
  _url       = {https://doi.org/10.1109/ICDM.2010.127},
  _doi       = {10.1109/ICDM.2010.127},
  _timestamp = {Wed, 16 Oct 2019 14:14:51 +0200},
  _biburl    = {https://dblp.org/rec/conf/icdm/Rendle10.bib},
  _bibsource = {dblp computer science bibliography, https://dblp.org}
}

[11]
@inproceedings{cheng_Wide&Deep,
  author    = {Heng{-}Tze Cheng and
               Levent Koc and
               Jeremiah Harmsen and
               Tal Shaked and
               Tushar Chandra and
               Hrishi Aradhye and
               Glen Anderson and
               Greg Corrado and
               Wei Chai and
               Mustafa Ispir and
               Rohan Anil and
               Zakaria Haque and
               Lichan Hong and
               Vihan Jain and
               Xiaobing Liu and
               Hemal Shah},
  _editor    = {Alexandros Karatzoglou and
               Bal{\'{a}}zs Hidasi and
               Domonkos Tikk and
               Oren Sar Shalom and
               Haggai Roitman and
               Bracha Shapira and
               Lior Rokach},
  title     = {Wide {\&} Deep Learning for Recommender Systems},
  booktitle = {{DLRS@RecSys}, 2016},
  _booktitle = {Proceedings of the 1st Workshop on Deep Learning for Recommender Systems,
               DLRS@RecSys 2016, Boston, MA, USA, September 15, 2016},
  pages     = {7--10},
  publisher = {{ACM}},
  year      = {2016},
  _url       = {https://doi.org/10.1145/2988450.2988454},
  _doi       = {10.1145/2988450.2988454},
  _timestamp = {Tue, 06 Nov 2018 11:07:03 +0100},
  _biburl    = {https://dblp.org/rec/conf/recsys/Cheng0HSCAACCIA16.bib},
  _bibsource = {dblp computer science bibliography, https://dblp.org}
}

[13]
@inproceedings{huang_DSSM,
  author    = {Po{-}Sen Huang and
               Xiaodong He and
               Jianfeng Gao and
               Li Deng and
               Alex Acero and
               Larry P. Heck},
  _editor    = {Qi He and
               Arun Iyengar and
               Wolfgang Nejdl and
               Jian Pei and
               Rajeev Rastogi},
  title     = {Learning deep structured semantic models for web search using clickthrough
               data},
  booktitle = {{CIKM},2013},
  _booktitle = {22nd {ACM} International Conference on Information and Knowledge Management,
               CIKM'13, San Francisco, CA, USA, October 27 - November 1, 2013},
  pages     = {2333--2338},
  publisher = {{ACM}},
  year      = {2013},
  _url       = {https://doi.org/10.1145/2505515.2505665},
  _doi       = {10.1145/2505515.2505665},
  _timestamp = {Wed, 28 Nov 2018 12:57:14 +0100},
  _biburl    = {https://dblp.org/rec/conf/cikm/HuangHGDAH13.bib},
  _bibsource = {dblp computer science bibliography, https://dblp.org}
}

[16]
@inproceedings{guo_DeepFM,
  author    = {Huifeng Guo and
               Ruiming Tang and
               Yunming Ye and
               Zhenguo Li and
               Xiuqiang He},
  _editor    = {Carles Sierra},
  title     = {DeepFM: {A} Factorization-Machine based Neural Network for {CTR} Prediction},
  booktitle = {{IJCAI},2017},
  _booktitle = {Proceedings of the Twenty-Sixth International Joint Conference on
               Artificial Intelligence, {IJCAI} 2017, Melbourne, Australia, August
               19-25, 2017},
  pages     = {1725--1731},
  publisher = {ijcai.org},
  year      = {2017},
  _url       = {https://doi.org/10.24963/ijcai.2017/239},
  _doi       = {10.24963/ijcai.2017/239},
  _timestamp = {Tue, 20 Aug 2019 16:16:54 +0200},
  _biburl    = {https://dblp.org/rec/conf/ijcai/GuoTYLH17.bib},
  _bibsource = {dblp computer science bibliography, https://dblp.org}
}

[18]
@inproceedings{lian_DFM,
  author    = {Jianxun Lian and
               Fuzheng Zhang and
               Xing Xie and
               Guangzhong Sun},
  _editor    = {J{\'{e}}r{\^{o}}me Lang},
  title     = {Towards Better Representation Learning for Personalized News Recommendation:
               a Multi-Channel Deep Fusion Approach},
  booktitle = {{IJCAI},2018},
  _booktitle = {Proceedings of the Twenty-Seventh International Joint Conference on
               Artificial Intelligence, {IJCAI} 2018, July 13-19, 2018, Stockholm,
               Sweden},
  pages     = {3805--3811},
  publisher = {ijcai.org},
  year      = {2018},
  _url       = {https://doi.org/10.24963/ijcai.2018/529},
  _doi       = {10.24963/ijcai.2018/529},
  _timestamp = {Tue, 20 Aug 2019 16:19:08 +0200},
  _biburl    = {https://dblp.org/rec/conf/ijcai/LianZXS18.bib},
  _bibsource = {dblp computer science bibliography, https://dblp.org}
}

[20]
@inproceedings{wu_NAML,
  author    = {Chuhan Wu and
               Fangzhao Wu and
               Mingxiao An and
               Jianqiang Huang and
               Yongfeng Huang and
               Xing Xie},
  _editor    = {Sarit Kraus},
  title     = {Neural News Recommendation with Attentive Multi-View Learning},
  booktitle = {{IJCAI},2019},
  _booktitle = {Proceedings of the Twenty-Eighth International Joint Conference on
               Artificial Intelligence, {IJCAI} 2019, Macao, China, August 10-16,
               2019},
  pages     = {3863--3869},
  publisher = {ijcai.org},
  year      = {2019},
  _url       = {https://doi.org/10.24963/ijcai.2019/536},
  _doi       = {10.24963/ijcai.2019/536},
  _timestamp = {Mon, 23 Sep 2019 17:13:22 +0200},
  _biburl    = {https://dblp.org/rec/conf/ijcai/WuWAHHX19.bib},
  _bibsource = {dblp computer science bibliography, https://dblp.org}
}

[21]
@inproceedings{wu_LSTUR,
  author    = {Mingxiao An and
               Fangzhao Wu and
               Chuhan Wu and
               Kun Zhang and
               Zheng Liu and
               Xing Xie},
  _editor    = {Anna Korhonen and
               David R. Traum and
               Llu{\'{\i}}s M{\`{a}}rquez},
  title     = {Neural News Recommendation with Long- and Short-term User Representations},
  booktitle = {{ACL},2019},
  _booktitle = {Proceedings of the 57th Conference of the Association for Computational
               Linguistics, {ACL} 2019, Florence, Italy, July 28- August 2, 2019,
               Volume 1: Long Papers},
  pages     = {336--345},
  publisher = {Association for Computational Linguistics},
  year      = {2019},
  _url       = {https://doi.org/10.18653/v1/p19-1033},
  _doi       = {10.18653/v1/p19-1033},
  _timestamp = {Tue, 28 Jan 2020 10:28:05 +0100},
  _biburl    = {https://dblp.org/rec/conf/acl/AnWWZLX19.bib},
  _bibsource = {dblp computer science bibliography, https://dblp.org}
}

[22]
@inproceedings{wu_NRMS,
  author    = {Chuhan Wu and
               Fangzhao Wu and
               Suyu Ge and
               Tao Qi and
               Yongfeng Huang and
               Xing Xie},
  _editor    = {Kentaro Inui and
               Jing Jiang and
               Vincent Ng and
               Xiaojun Wan},
  title     = {Neural News Recommendation with Multi-Head Self-Attention},
  booktitle = {{EMNLP-IJCNLP},2019},
  _booktitle = {Proceedings of the 2019 Conference on Empirical Methods in Natural
               Language Processing and the 9th International Joint Conference on
               Natural Language Processing, {EMNLP-IJCNLP} 2019, Hong Kong, China,
               November 3-7, 2019},
  pages     = {6388--6393},
  publisher = {Association for Computational Linguistics},
  year      = {2019},
  _url       = {https://doi.org/10.18653/v1/D19-1671},
  _doi       = {10.18653/v1/D19-1671},
  _timestamp = {Thu, 12 Dec 2019 13:23:43 +0100},
  _biburl    = {https://dblp.org/rec/conf/emnlp/WuWGQHX19.bib},
  _bibsource = {dblp computer science bibliography, https://dblp.org}
}

[23]
@inproceedings{wu_NPA,
  author    = {Chuhan Wu and
               Fangzhao Wu and
               Mingxiao An and
               Jianqiang Huang and
               Yongfeng Huang and
               Xing Xie},
  _editor    = {Ankur Teredesai and
               Vipin Kumar and
               Ying Li and
               R{\'{o}}mer Rosales and
               Evimaria Terzi and
               George Karypis},
  title     = {{NPA:} Neural News Recommendation with Personalized Attention},
  booktitle = {{SIGKDD},2019},
  _booktitle = {Proceedings of the 25th {ACM} {SIGKDD} International Conference on
               Knowledge Discovery {\&} Data Mining, {KDD} 2019, Anchorage, AK,
               USA, August 4-8, 2019},
  pages     = {2576--2584},
  publisher = {{ACM}},
  year      = {2019},
  _url       = {https://doi.org/10.1145/3292500.3330665},
  _doi       = {10.1145/3292500.3330665},
  _timestamp = {Sat, 05 Sep 2020 17:56:13 +0200},
  _biburl    = {https://dblp.org/rec/conf/kdd/WuWAHHX19.bib},
  _bibsource = {dblp computer science bibliography, https://dblp.org}
}

[24]DKN: Deep Knowledge-Aware Network for News Recommendation.
@inproceedings{wang_DKN,
  author    = {Hongwei Wang and
               Fuzheng Zhang and
               Xing Xie and
               Minyi Guo},
  _editor    = {Pierre{-}Antoine Champin and
               Fabien L. Gandon and
               Mounia Lalmas and
               Panagiotis G. Ipeirotis},
  title     = {{DKN:} Deep Knowledge-Aware Network for News Recommendation},
  booktitle = {{WWW},2018},
  _booktitle = {Proceedings of the 2018 World Wide Web Conference on World Wide Web,
               {WWW} 2018, Lyon, France, April 23-27, 2018},
  pages     = {1835--1844},
  publisher = {{ACM}},
  year      = {2018},
  _url       = {https://doi.org/10.1145/3178876.3186175},
  _doi       = {10.1145/3178876.3186175},
  _timestamp = {Fri, 29 May 2020 08:53:21 +0200},
  _biburl    = {https://dblp.org/rec/conf/www/WangZXG18.bib},
  _bibsource = {dblp computer science bibliography, https://dblp.org}
}

[25]
@inproceedings{zheng_DRN,
  author    = {Guanjie Zheng and
               Fuzheng Zhang and
               Zihan Zheng and
               Yang Xiang and
               Nicholas Jing Yuan and
               Xing Xie and
               Zhenhui Li},
  _editor    = {Pierre{-}Antoine Champin and
               Fabien L. Gandon and
               Mounia Lalmas and
               Panagiotis G. Ipeirotis},
  title     = {{DRN:} {A} Deep Reinforcement Learning Framework for News Recommendation},
  booktitle = {{WWW},2018},
  _booktitle = {Proceedings of the 2018 World Wide Web Conference on World Wide Web,
               {WWW} 2018, Lyon, France, April 23-27, 2018},
  pages     = {167--176},
  publisher = {{ACM}},
  year      = {2018},
  _url       = {https://doi.org/10.1145/3178876.3185994},
  _doi       = {10.1145/3178876.3185994},
  _timestamp = {Wed, 21 Nov 2018 12:44:11 +0100},
  _biburl    = {https://dblp.org/rec/conf/www/ZhengZZXY0L18.bib},
  _bibsource = {dblp computer science bibliography, https://dblp.org}
}

[26]
@inproceedings{yu_adaptive_long_short,
  author    = {Zeping Yu and
               Jianxun Lian and
               Ahmad Mahmoody and
               Gongshen Liu and
               Xing Xie},
  _editor    = {Sarit Kraus},
  title     = {Adaptive User Modeling with Long and Short-Term Preferences for Personalized
               Recommendation},
  booktitle = {{IJCAI},2019},
  _booktitle = {Proceedings of the Twenty-Eighth International Joint Conference on
               Artificial Intelligence, {IJCAI} 2019, Macao, China, August 10-16,
               2019},
  pages     = {4213--4219},
  publisher = {ijcai.org},
  year      = {2019},
  _url       = {https://doi.org/10.24963/ijcai.2019/585},
  _doi       = {10.24963/ijcai.2019/585},
  _timestamp = {Tue, 20 Aug 2019 16:18:18 +0200},
  _biburl    = {https://dblp.org/rec/conf/ijcai/YuLML019.bib},
  _bibsource = {dblp computer science bibliography, https://dblp.org}
}

[27]
@inproceedings{chen_coattentive_review_based,
  author    = {Zhongxia Chen and
               Xiting Wang and
               Xing Xie and
               Tong Wu and
               Guoqing Bu and
               Yining Wang and
               Enhong Chen},
  _editor    = {Sarit Kraus},
  title     = {Co-Attentive Multi-Task Learning for Explainable Recommendation},
  booktitle = {{IJCAI},2019},
  _booktitle = {Proceedings of the Twenty-Eighth International Joint Conference on
               Artificial Intelligence, {IJCAI} 2019, Macao, China, August 10-16,
               2019},
  pages     = {2137--2143},
  publisher = {ijcai.org},
  year      = {2019},
  _url       = {https://doi.org/10.24963/ijcai.2019/296},
  _doi       = {10.24963/ijcai.2019/296},
  _timestamp = {Tue, 20 Aug 2019 16:19:04 +0200},
  _biburl    = {https://dblp.org/rec/conf/ijcai/ChenW0WBWC19.bib},
  _bibsource = {dblp computer science bibliography, https://dblp.org}
}

[28]
@inproceedings{gao_explainable_multiView,
  author    = {Jingyue Gao and
               Xiting Wang and
               Yasha Wang and
               Xing Xie},
  title     = {Explainable Recommendation through Attentive Multi-View Learning},
  booktitle = {{AAAI},2019},
  _booktitle = {The Thirty-Third {AAAI} Conference on Artificial Intelligence, {AAAI}
               2019, The Thirty-First Innovative Applications of Artificial Intelligence
               Conference, {IAAI} 2019, The Ninth {AAAI} Symposium on Educational
               Advances in Artificial Intelligence, {EAAI} 2019, Honolulu, Hawaii,
               USA, January 27 - February 1, 2019},
  pages     = {3622--3629},
  publisher = {{AAAI} Press},
  year      = {2019},
  _url       = {https://doi.org/10.1609/aaai.v33i01.33013622},
  _doi       = {10.1609/aaai.v33i01.33013622},
  _timestamp = {Wed, 25 Sep 2019 11:05:08 +0200},
  _biburl    = {https://dblp.org/rec/conf/aaai/GaoWW019.bib},
  _bibsource = {dblp computer science bibliography, https://dblp.org}
}

[29]
@inproceedings{wang_FIM,
  author    = {Heyuan Wang and
               Fangzhao Wu and
               Zheng Liu and
               Xing Xie},
  _editor    = {Dan Jurafsky and
               Joyce Chai and
               Natalie Schluter and
               Joel R. Tetreault},
  title     = {Fine-grained Interest Matching for Neural News Recommendation},
  booktitle = {{ACL},2020},
  _booktitle = {Proceedings of the 58th Annual Meeting of the Association for Computational
               Linguistics, {ACL} 2020, Online, July 5-10, 2020},
  pages     = {836--845},
  publisher = {Association for Computational Linguistics},
  year      = {2020},
  _url       = {https://doi.org/10.18653/v1/2020.acl-main.77},
  _doi       = {10.18653/v1/2020.acl-main.77},
  _timestamp = {Fri, 08 Jan 2021 21:20:34 +0100},
  _biburl    = {https://dblp.org/rec/conf/acl/WangWLX20.bib},
  _bibsource = {dblp computer science bibliography, https://dblp.org}
}

[30]
@inproceedings{lian_geograohy_aware,
  author    = {Defu Lian and
               Yongji Wu and
               Yong Ge and
               Xing Xie and
               Enhong Chen},
  _editor    = {Rajesh Gupta and
               Yan Liu and
               Jiliang Tang and
               B. Aditya Prakash},
  title     = {Geography-Aware Sequential Location Recommendation},
  booktitle = {{KDD},2020},
  _booktitle = {{KDD} '20: The 26th {ACM} {SIGKDD} Conference on Knowledge Discovery
               and Data Mining, Virtual Event, CA, USA, August 23-27, 2020},
  pages     = {2009--2019},
  publisher = {{ACM}},
  year      = {2020},
  _url       = {https://dl.acm.org/doi/10.1145/3394486.3403252},
  _timestamp = {Mon, 24 Aug 2020 14:13:33 +0200},
  _biburl    = {https://dblp.org/rec/conf/kdd/LianWG0C20.bib},
  _bibsource = {dblp computer science bibliography, https://dblp.org}
}

[31]
@inproceedings{liu_Hifi-ark,
  author    = {Zheng Liu and
               Yu Xing and
               Fangzhao Wu and
               Mingxiao An and
               Xing Xie},
  _editor    = {Sarit Kraus},
  title     = {Hi-Fi Ark: Deep User Representation via High-Fidelity Archive Network},
  booktitle = {{IJCAI},2019},
  _booktitle = {Proceedings of the Twenty-Eighth International Joint Conference on
               Artificial Intelligence, {IJCAI} 2019, Macao, China, August 10-16,
               2019},
  pages     = {3059--3065},
  publisher = {ijcai.org},
  year      = {2019},
  _url       = {https://doi.org/10.24963/ijcai.2019/424},
  _doi       = {10.24963/ijcai.2019/424},
  _timestamp = {Wed, 16 Oct 2019 10:57:20 +0200},
  _biburl    = {https://dblp.org/rec/conf/ijcai/LiuXWAX19.bib},
  _bibsource = {dblp computer science bibliography, https://dblp.org}
}

[32]
@inproceedings{wang_KGCN,
  author    = {Hongwei Wang and
               Miao Zhao and
               Xing Xie and
               Wenjie Li and
               Minyi Guo},
  _editor    = {Ling Liu and
               Ryen W. White and
               Amin Mantrach and
               Fabrizio Silvestri and
               Julian J. McAuley and
               Ricardo Baeza{-}Yates and
               Leila Zia},
  title     = {Knowledge Graph Convolutional Networks for Recommender Systems},
  booktitle = {{WWW},2019},
  _booktitle = {The World Wide Web Conference, {WWW} 2019, San Francisco, CA, USA,
               May 13-17, 2019},
  pages     = {3307--3313},
  publisher = {{ACM}},
  year      = {2019},
  _url       = {https://doi.org/10.1145/3308558.3313417},
  _doi       = {10.1145/3308558.3313417},
  _timestamp = {Wed, 02 Sep 2020 18:40:34 +0200},
  _biburl    = {https://dblp.org/rec/conf/www/WangZXLG19.bib},
  _bibsource = {dblp computer science bibliography, https://dblp.org}
}

[33]
@inproceedings{wang_MKR,
  author    = {Hongwei Wang and
               Fuzheng Zhang and
               Miao Zhao and
               Wenjie Li and
               Xing Xie and
               Minyi Guo},
  _editor    = {Ling Liu and
               Ryen W. White and
               Amin Mantrach and
               Fabrizio Silvestri and
               Julian J. McAuley and
               Ricardo Baeza{-}Yates and
               Leila Zia},
  title     = {Multi-Task Feature Learning for Knowledge Graph Enhanced Recommendation},
  booktitle = {{WWW},2019},
  _booktitle = {The World Wide Web Conference, {WWW} 2019, San Francisco, CA, USA,
               May 13-17, 2019},
  pages     = {2000--2010},
  publisher = {{ACM}},
  year      = {2019},
  _url       = {https://doi.org/10.1145/3308558.3313411},
  _doi       = {10.1145/3308558.3313411},
  _timestamp = {Tue, 16 Jun 2020 16:36:37 +0200},
  _biburl    = {https://dblp.org/rec/conf/www/WangZZLXG19.bib},
  _bibsource = {dblp computer science bibliography, https://dblp.org}
}

[34]
@inproceedings{wu_heterogeneous,
  author    = {Chuhan Wu and
               Fangzhao Wu and
               Mingxiao An and
               Tao Qi and
               Jianqiang Huang and
               Yongfeng Huang and
               Xing Xie},
  _editor    = {Kentaro Inui and
               Jing Jiang and
               Vincent Ng and
               Xiaojun Wan},
  title     = {Neural News Recommendation with Heterogeneous User Behavior},
  booktitle = {{EMNLP-IJCNLP},2019},
  _booktitle = {Proceedings of the 2019 Conference on Empirical Methods in Natural
               Language Processing and the 9th International Joint Conference on
               Natural Language Processing, {EMNLP-IJCNLP} 2019, Hong Kong, China,
               November 3-7, 2019},
  pages     = {4873--4882},
  publisher = {Association for Computational Linguistics},
  year      = {2019},
  _url       = {https://doi.org/10.18653/v1/D19-1493},
  _doi       = {10.18653/v1/D19-1493},
  _timestamp = {Thu, 12 Dec 2019 13:23:43 +0100},
  _biburl    = {https://dblp.org/rec/conf/emnlp/WuWAQHHX19.bib},
  _bibsource = {dblp computer science bibliography, https://dblp.org}
}

[35]
@inproceedings{wu_topic-aware,
  author    = {Chuhan Wu and
               Fangzhao Wu and
               Mingxiao An and
               Yongfeng Huang and
               Xing Xie},
  _editor    = {Anna Korhonen and
               David R. Traum and
               Llu{\'{\i}}s M{\`{a}}rquez},
  title     = {Neural News Recommendation with Topic-Aware News Representation},
  booktitle = {{ACL},2019},
  _booktitle = {Proceedings of the 57th Conference of the Association for Computational
               Linguistics, {ACL} 2019, Florence, Italy, July 28- August 2, 2019,
               Volume 1: Long Papers},
  pages     = {1154--1159},
  publisher = {Association for Computational Linguistics},
  year      = {2019},
  _url       = {https://doi.org/10.18653/v1/p19-1110},
  _doi       = {10.18653/v1/p19-1110},
  _timestamp = {Tue, 28 Jan 2020 10:27:45 +0100},
  _biburl    = {https://dblp.org/rec/conf/acl/WuWAHX19.bib},
  _bibsource = {dblp computer science bibliography, https://dblp.org}
}

[37]
@inproceedings{wu_GNN,
  author    = {Chuhan Wu and
               Fangzhao Wu and
               Tao Qi and
               Suyu Ge and
               Yongfeng Huang and
               Xing Xie},
  _editor    = {Kentaro Inui and
               Jing Jiang and
               Vincent Ng and
               Xiaojun Wan},
  title     = {Reviews Meet Graphs: Enhancing User and Item Representations for Recommendation
               with Hierarchical Attentive Graph Neural Network},
  booktitle = {{EMNLP-IJCNLP},2019},
  _booktitle = {Proceedings of the 2019 Conference on Empirical Methods in Natural
               Language Processing and the 9th International Joint Conference on
               Natural Language Processing, {EMNLP-IJCNLP} 2019, Hong Kong, China,
               November 3-7, 2019},
  pages     = {4883--4892},
  publisher = {Association for Computational Linguistics},
  year      = {2019},
  _url       = {https://doi.org/10.18653/v1/D19-1494},
  _doi       = {10.18653/v1/D19-1494},
  _timestamp = {Thu, 12 Dec 2019 13:23:45 +0100},
  _biburl    = {https://dblp.org/rec/conf/emnlp/WuWQGHX19.bib},
  _bibsource = {dblp computer science bibliography, https://dblp.org}
}

[38]
@inproceedings{wu_session_based_bipartite_graph,
  author    = {Shu Wu and
               Yuyuan Tang and
               Yanqiao Zhu and
               Liang Wang and
               Xing Xie and
               Tieniu Tan},
  title     = {Session-Based Recommendation with Graph Neural Networks},
  booktitle = {{AAAI},2019},
  _booktitle = {The Thirty-Third {AAAI} Conference on Artificial Intelligence, {AAAI}
               2019, The Thirty-First Innovative Applications of Artificial Intelligence
               Conference, {IAAI} 2019, The Ninth {AAAI} Symposium on Educational
               Advances in Artificial Intelligence, {EAAI} 2019, Honolulu, Hawaii,
               USA, January 27 - February 1, 2019},
  pages     = {346--353},
  publisher = {{AAAI} Press},
  year      = {2019},
  _url       = {https://doi.org/10.1609/aaai.v33i01.3301346},
  _doi       = {10.1609/aaai.v33i01.3301346},
  _timestamp = {Mon, 15 Jun 2020 17:02:14 +0200},
  _biburl    = {https://dblp.org/rec/conf/aaai/WuT0WXT19.bib},
  _bibsource = {dblp computer science bibliography, https://dblp.org}
}

[39]
@inproceedings{hu_GNN_disentanglement,
  author    = {Linmei Hu and
               Siyong Xu and
               Chen Li and
               Cheng Yang and
               Chuan Shi and
               Nan Duan and
               Xing Xie and
               Ming Zhou},
  _editor    = {Dan Jurafsky and
               Joyce Chai and
               Natalie Schluter and
               Joel R. Tetreault},
  title     = {Graph Neural News Recommendation with Unsupervised Preference Disentanglement},
  booktitle = {{ACL},2020},
  _booktitle = {Proceedings of the 58th Annual Meeting of the Association for Computational
               Linguistics, {ACL} 2020, Online, July 5-10, 2020},
  pages     = {4255--4264},
  publisher = {Association for Computational Linguistics},
  year      = {2020},
  _url       = {https://doi.org/10.18653/v1/2020.acl-main.392},
  _doi       = {10.18653/v1/2020.acl-main.392},
  _timestamp = {Fri, 08 Jan 2021 21:20:29 +0100},
  _biburl    = {https://dblp.org/rec/conf/acl/HuXLYSDXZ20.bib},
  _bibsource = {dblp computer science bibliography, https://dblp.org}
}

[40]
@inproceedings{lian_LightRec,
  author    = {Defu Lian and
               Haoyu Wang and
               Zheng Liu and
               Jianxun Lian and
               Enhong Chen and
               Xing Xie},
  _editor    = {Yennun Huang and
               Irwin King and
               Tie{-}Yan Liu and
               Maarten van Steen},
  title     = {LightRec: {A} Memory and Search-Efficient Recommender System},
  booktitle = {{WWW},2020},
  _booktitle = {{WWW} '20: The Web Conference 2020, Taipei, Taiwan, April 20-24, 2020},
  pages     = {695--705},
  publisher = {{ACM} / {IW3C2}},
  year      = {2020},
  _url       = {https://doi.org/10.1145/3366423.3380151},
  _doi       = {10.1145/3366423.3380151},
  _timestamp = {Fri, 25 Dec 2020 01:14:58 +0100},
  _biburl    = {https://dblp.org/rec/conf/www/LianWLLC020.bib},
  _bibsource = {dblp computer science bibliography, https://dblp.org}
}

[41]
@inproceedings{chen_conversational,
  author    = {Zhongxia Chen and
               Xiting Wang and
               Xing Xie and
               Mehul Parsana and
               Akshay Soni and
               Xiang Ao and
               Enhong Chen},
  _editor    = {Christian Bessiere},
  title     = {Towards Explainable Conversational Recommendation},
  booktitle = {{IJCAI},2020},
  _booktitle = {Proceedings of the Twenty-Ninth International Joint Conference on
               Artificial Intelligence, {IJCAI} 2020},
  pages     = {2994--3000},
  publisher = {ijcai.org},
  year      = {2020},
  _url       = {https://doi.org/10.24963/ijcai.2020/414},
  _doi       = {10.24963/ijcai.2020/414},
  _timestamp = {Mon, 20 Jul 2020 12:38:52 +0200},
  _biburl    = {https://dblp.org/rec/conf/ijcai/ChenW0PSAC20.bib},
  _bibsource = {dblp computer science bibliography, https://dblp.org}
}

[42]
@inproceedings{liu_KRED,
  author    = {Danyang Liu and
               Jianxun Lian and
               Shiyin Wang and
               Ying Qiao and
               Jiun{-}Hung Chen and
               Guangzhong Sun and
               Xing Xie},
  _editor    = {Rodrygo L. T. Santos and
               Leandro Balby Marinho and
               Elizabeth M. Daly and
               Li Chen and
               Kim Falk and
               Noam Koenigstein and
               Edleno Silva de Moura},
  title     = {{KRED:} Knowledge-Aware Document Representation for News Recommendations},
  booktitle = {{RecSys},2020},
  _booktitle = {RecSys 2020: Fourteenth {ACM} Conference on Recommender Systems, Virtual
               Event, Brazil, September 22-26, 2020},
  pages     = {200--209},
  publisher = {{ACM}},
  year      = {2020},
  _url       = {https://doi.org/10.1145/3383313.3412237},
  _doi       = {10.1145/3383313.3412237},
  _timestamp = {Thu, 24 Sep 2020 10:19:44 +0200},
  _biburl    = {https://dblp.org/rec/conf/recsys/LiuLWQCS020.bib},
  _bibsource = {dblp computer science bibliography, https://dblp.org}
}

[44]
@inproceedings{zhou_metric_learning,
  author    = {Xiao Zhou and
               Danyang Liu and
               Jianxun Lian and
               Xing Xie},
  _editor    = {Sarit Kraus},
  title     = {Collaborative Metric Learning with Memory Network for Multi-Relational
               Recommender Systems},
  booktitle = {{IJCAI},2019},
  _booktitle = {Proceedings of the Twenty-Eighth International Joint Conference on
               Artificial Intelligence, {IJCAI} 2019, Macao, China, August 10-16,
               2019},
  pages     = {4454--4460},
  publisher = {ijcai.org},
  year      = {2019},
  _url       = {https://doi.org/10.24963/ijcai.2019/619},
  _doi       = {10.24963/ijcai.2019/619},
  _timestamp = {Tue, 20 Aug 2019 16:18:18 +0200},
  _biburl    = {https://dblp.org/rec/conf/ijcai/ZhouLL019.bib},
  _bibsource = {dblp computer science bibliography, https://dblp.org}
}

[45]
@inproceedings{chen_memory_network,
  author    = {Xu Chen and
               Hongteng Xu and
               Yongfeng Zhang and
               Jiaxi Tang and
               Yixin Cao and
               Zheng Qin and
               Hongyuan Zha},
  _editor    = {Yi Chang and
               Chengxiang Zhai and
               Yan Liu and
               Yoelle Maarek},
  title     = {Sequential Recommendation with User Memory Networks},
  booktitle = {{WSDM},2018},
  _booktitle = {Proceedings of the Eleventh {ACM} International Conference on Web
               Search and Data Mining, {WSDM} 2018, Marina Del Rey, CA, USA, February
               5-9, 2018},
  pages     = {108--116},
  publisher = {{ACM}},
  year      = {2018},
  _url       = {https://doi.org/10.1145/3159652.3159668},
  _doi       = {10.1145/3159652.3159668},
  _timestamp = {Wed, 09 Sep 2020 12:48:57 +0200},
  _biburl    = {https://dblp.org/rec/conf/wsdm/ChenXZT0QZ18.bib},
  _bibsource = {dblp computer science bibliography, https://dblp.org}
}

[47]
@inproceedings{liu_Entity-Duet,
  author    = {Zhenghao Liu and
               Chenyan Xiong and
               Maosong Sun and
               Zhiyuan Liu},
  _editor    = {Iryna Gurevych and
               Yusuke Miyao},
  title     = {Entity-Duet Neural Ranking: Understanding the Role of Knowledge Graph
               Semantics in Neural Information Retrieval},
  booktitle = {{ACL},2018},
  _booktitle = {Proceedings of the 56th Annual Meeting of the Association for Computational
               Linguistics, {ACL} 2018, Melbourne, Australia, July 15-20, 2018, Volume
               1: Long Papers},
  pages     = {2395--2405},
  publisher = {Association for Computational Linguistics},
  year      = {2018},
  _url       = {https://www.aclweb.org/anthology/P18-1223/},
  _doi       = {10.18653/v1/P18-1223},
  _timestamp = {Thu, 04 Jun 2020 12:07:10 +0200},
  _biburl    = {https://dblp.org/rec/conf/acl/SunLXL18.bib},
  _bibsource = {dblp computer science bibliography, https://dblp.org}
}
[48]Octopus: Comprehensive and Elastic User Representation for the Generation of Recommendation Candidates.
@inproceedings{liu_Octopus,
  author    = {Zheng Liu and
               Jianxun Lian and
               Junhan Yang and
               Defu Lian and
               Xing Xie},
  _editor    = {Jimmy Huang and
               Yi Chang and
               Xueqi Cheng and
               Jaap Kamps and
               Vanessa Murdock and
               Ji{-}Rong Wen and
               Yiqun Liu},
  title     = {Octopus: Comprehensive and Elastic User Representation for the Generation
               of Recommendation Candidates},
  booktitle = {{SIGIR},2020},
  _booktitle = {Proceedings of the 43rd International {ACM} {SIGIR} conference on
               research and development in Information Retrieval, {SIGIR} 2020, Virtual
               Event, China, July 25-30, 2020},
  pages     = {289--298},
  publisher = {{ACM}},
  year      = {2020},
  _url       = {https://doi.org/10.1145/3397271.3401088},
  _doi       = {10.1145/3397271.3401088},
  _timestamp = {Wed, 16 Sep 2020 13:34:22 +0200},
  _biburl    = {https://dblp.org/rec/conf/sigir/LiuLYL020.bib},
  _bibsource = {dblp computer science bibliography, https://dblp.org}
}

[49]
@inproceedings{xiong_KNRM,
  author    = {Chenyan Xiong and
               Zhuyun Dai and
               Jamie Callan and
               Zhiyuan Liu and
               Russell Power},
  _editor    = {Noriko Kando and
               Tetsuya Sakai and
               Hideo Joho and
               Hang Li and
               Arjen P. de Vries and
               Ryen W. White},
  title     = {End-to-End Neural Ad-hoc Ranking with Kernel Pooling},
  booktitle = {{SIGIR},2017},
  _booktitle = {Proceedings of the 40th International {ACM} {SIGIR} Conference on
               Research and Development in Information Retrieval, Shinjuku, Tokyo,
               Japan, August 7-11, 2017},
  pages     = {55--64},
  publisher = {{ACM}},
  year      = {2017},
  _url       = {https://doi.org/10.1145/3077136.3080809},
  _doi       = {10.1145/3077136.3080809},
  _timestamp = {Tue, 06 Nov 2018 11:07:25 +0100},
  _biburl    = {https://dblp.org/rec/conf/sigir/XiongDCLP17.bib},
  _bibsource = {dblp computer science bibliography, https://dblp.org}
}

@inproceedings{shazeer_MOE,
  author    = {Noam Shazeer and
               Azalia Mirhoseini and
               Krzysztof Maziarz and
               Andy Davis and
               Quoc V. Le and
               Geoffrey E. Hinton and
               Jeff Dean},
  title     = {Outrageously Large Neural Networks: The Sparsely-Gated Mixture-of-Experts
               Layer},
  booktitle = {{ICLR},2017},
  _booktitle = {5th International Conference on Learning Representations, {ICLR} 2017,
               Toulon, France, April 24-26, 2017, Conference Track Proceedings},
  publisher = {OpenReview.net},
  year      = {2017},
  _url       = {https://openreview.net/forum?id=B1ckMDqlg},
  _timestamp = {Thu, 25 Jul 2019 14:25:44 +0200},
  _biburl    = {https://dblp.org/rec/conf/iclr/ShazeerMMDLHD17.bib},
  _bibsource = {dblp computer science bibliography, https://dblp.org}
}

@inproceedings{wu_MIND,
  author    = {Fangzhao Wu and
               Ying Qiao and
               Jiun{-}Hung Chen and
               Chuhan Wu and
               Tao Qi and
               Jianxun Lian and
               Danyang Liu and
               Xing Xie and
               Jianfeng Gao and
               Winnie Wu and
               Ming Zhou},
  _editor    = {Dan Jurafsky and
               Joyce Chai and
               Natalie Schluter and
               Joel R. Tetreault},
  title     = {{MIND:} {A} Large-scale Dataset for News Recommendation},
  booktitle = {{ACL},2020},
  _booktitle = {Proceedings of the 58th Annual Meeting of the Association for Computational
               Linguistics, {ACL} 2020, Online, July 5-10, 2020},
  pages     = {3597--3606},
  publisher = {Association for Computational Linguistics},
  year      = {2020},
  _url       = {https://doi.org/10.18653/v1/2020.acl-main.331},
  _doi       = {10.18653/v1/2020.acl-main.331},
  _timestamp = {Fri, 08 Jan 2021 21:20:37 +0100},
  _biburl    = {https://dblp.org/rec/conf/acl/WuQCWQLLXGWZ20.bib},
  _bibsource = {dblp computer science bibliography, https://dblp.org}
}

@article{rendle_libFM,
  author    = {Steffen Rendle},
  title     = {Factorization Machines with libFM},
  journal   = {{ACM} Trans. Intell. Syst. Technol.},
  volume    = {3},
  number    = {3},
  pages     = {57:1--57:22},
  year      = {2012},
  _url       = {https://doi.org/10.1145/2168752.2168771},
  _doi       = {10.1145/2168752.2168771},
  _timestamp = {Mon, 11 May 2020 15:53:41 +0200},
  _biburl    = {https://dblp.org/rec/journals/tist/Rendle12.bib},
  _bibsource = {dblp computer science bibliography, https://dblp.org}
}

@article{srivastava_Dropout,
  author    = {Nitish Srivastava and
               Geoffrey E. Hinton and
               Alex Krizhevsky and
               Ilya Sutskever and
               Ruslan Salakhutdinov},
  title     = {Dropout: a simple way to prevent neural networks from overfitting},
  journal   = {J. Mach. Learn. Res.},
  volume    = {15},
  number    = {1},
  pages     = {1929--1958},
  year      = {2014},
  _url       = {http://dl.acm.org/citation.cfm?id=2670313},
  _timestamp = {Wed, 10 Jul 2019 15:28:24 +0200},
  _biburl    = {https://dblp.org/rec/journals/jmlr/SrivastavaHKSS14.bib},
  _bibsource = {dblp computer science bibliography, https://dblp.org}
}

@inproceedings{vaswani_transformer,
  author    = {Ashish Vaswani and
               Noam Shazeer and
               Niki Parmar and
               Jakob Uszkoreit and
               Llion Jones and
               Aidan N. Gomez and
               Lukasz Kaiser and
               Illia Polosukhin},
  _editor    = {Isabelle Guyon and
               Ulrike von Luxburg and
               Samy Bengio and
               Hanna M. Wallach and
               Rob Fergus and
               S. V. N. Vishwanathan and
               Roman Garnett},
  title     = {Attention is All you Need},
  booktitle = {Advances in Neural Information Processing Systems 30: Annual Conference
               on Neural Information Processing Systems 2017, December 4-9, 2017,
               Long Beach, CA, {USA}},
  pages     = {5998--6008},
  year      = {2017},
  _url       = {https://proceedings.neurips.cc/paper/2017/hash/3f5ee243547dee91fbd053c1c4a845aa-Abstract.html},
  _timestamp = {Thu, 21 Jan 2021 15:15:21 +0100},
  _biburl    = {https://dblp.org/rec/conf/nips/VaswaniSPUJGKP17.bib},
  _bibsource = {dblp computer science bibliography, https://dblp.org}
}

@inproceedings{yuan_multiHop_selector,
  author    = {Chunyuan Yuan and
               Wei Zhou and
               Mingming Li and
               Shangwen Lv and
               Fuqing Zhu and
               Jizhong Han and
               Songlin Hu},
  _editor    = {Kentaro Inui and
               Jing Jiang and
               Vincent Ng and
               Xiaojun Wan},
  title     = {Multi-hop Selector Network for Multi-turn Response Selection in Retrieval-based
               Chatbots},
  booktitle = {{EMNLP-IJCNLP},2019},
  _booktitle = {Proceedings of the 2019 Conference on Empirical Methods in Natural
               Language Processing and the 9th International Joint Conference on
               Natural Language Processing, {EMNLP-IJCNLP} 2019, Hong Kong, China,
               November 3-7, 2019},
  pages     = {111--120},
  publisher = {Association for Computational Linguistics},
  year      = {2019},
  _url       = {https://doi.org/10.18653/v1/D19-1011},
  _doi       = {10.18653/v1/D19-1011},
  _timestamp = {Thu, 12 Dec 2019 13:23:45 +0100},
  _biburl    = {https://dblp.org/rec/conf/emnlp/YuanZLLZHH19.bib},
  _bibsource = {dblp computer science bibliography, https://dblp.org}
}

@inproceedings{morales_personalized_news_recommendation,
  author    = {Gianmarco De Francisci Morales and
               Aristides Gionis and
               Claudio Lucchese},
  _editor    = {Eytan Adar and
               Jaime Teevan and
               Eugene Agichtein and
               Yoelle Maarek},
  title     = {From chatter to headlines: harnessing the real-time web for personalized
               news recommendation},
  booktitle = {{WSDM},2012},
  _booktitle = {Proceedings of the Fifth International Conference on Web Search and
               Web Data Mining, {WSDM} 2012, Seattle, WA, USA, February 8-12, 2012},
  pages     = {153--162},
  publisher = {{ACM}},
  year      = {2012},
  _url       = {https://doi.org/10.1145/2124295.2124315},
  _doi       = {10.1145/2124295.2124315},
  _timestamp = {Tue, 21 May 2019 11:38:33 +0200},
  _biburl    = {https://dblp.org/rec/conf/wsdm/MoralesGL12.bib},
  _bibsource = {dblp computer science bibliography, https://dblp.org}
}

@inproceedings{diederik_Adam,
  author    = {Diederik P. Kingma and
               Jimmy Ba},
  _editor    = {Yoshua Bengio and
               Yann LeCun},
  title     = {Adam: {A} Method for Stochastic Optimization},
  booktitle = {{ICLR},2015},
  _booktitle = {3rd International Conference on Learning Representations, {ICLR} 2015,
               San Diego, CA, USA, May 7-9, 2015, Conference Track Proceedings},
  year      = {2015},
  _url       = {http://arxiv.org/abs/1412.6980},
  _timestamp = {Thu, 25 Jul 2019 14:25:37 +0200},
  _biburl    = {https://dblp.org/rec/journals/corr/KingmaB14.bib},
  _bibsource = {dblp computer science bibliography, https://dblp.org}
}

@article{personalized_news_recommendation,
  author    = {Talia Lavie and
               Michal Sela and
               Ilit Oppenheim and
               Ohad Inbar and
               Joachim Meyer},
  title     = {User attitudes towards news content personalization},
  journal   = {Int. J. Hum. Comput. Stud.},
  volume    = {68},
  number    = {8},
  pages     = {483--495},
  year      = {2010},
  _url       = {https://doi.org/10.1016/j.ijhcs.2009.09.011},
  _doi       = {10.1016/j.ijhcs.2009.09.011},
  _timestamp = {Fri, 21 Feb 2020 15:49:30 +0100},
  _biburl    = {https://dblp.org/rec/journals/ijmms/LavieSOIM10.bib},
  _bibsource = {dblp computer science bibliography, https://dblp.org}
}

@inproceedings{Bert,
  author    = {Jacob Devlin and
               Ming{-}Wei Chang and
               Kenton Lee and
               Kristina Toutanova},
  _editor    = {Jill Burstein and
               Christy Doran and
               Thamar Solorio},
  title     = {{BERT:} Pre-training of Deep Bidirectional Transformers for Language
               Understanding},
  booktitle = {{NAACL-HLT},2019},
  _booktitle = {Proceedings of the 2019 Conference of the North American Chapter of
               the Association for Computational Linguistics: Human Language Technologies,
               {NAACL-HLT} 2019, Minneapolis, MN, USA, June 2-7, 2019, Volume 1 (Long
               and Short Papers)},
  pages     = {4171--4186},
  publisher = {Association for Computational Linguistics},
  year      = {2019},
  _url       = {https://doi.org/10.18653/v1/n19-1423},
  _doi       = {10.18653/v1/n19-1423},
  _timestamp = {Tue, 28 Jan 2020 10:30:29 +0100},
  _biburl    = {https://dblp.org/rec/conf/naacl/DevlinCLT19.bib},
  _bibsource = {dblp computer science bibliography, https://dblp.org}
}

@inproceedings{AutoFIS,
  author    = {Bin Liu and
               Chenxu Zhu and
               Guilin Li and
               Weinan Zhang and
               Jincai Lai and
               Ruiming Tang and
               Xiuqiang He and
               Zhenguo Li and
               Yong Yu},
  editor    = {Rajesh Gupta and
               Yan Liu and
               Jiliang Tang and
               B. Aditya Prakash},
  title     = {AutoFIS: Automatic Feature Interaction Selection in Factorization
               Models for Click-Through Rate Prediction},
  booktitle = {{KDD} '20: The 26th {ACM} {SIGKDD} Conference on Knowledge Discovery
               and Data Mining, Virtual Event, CA, USA, August 23-27, 2020},
  pages     = {2636--2645},
  publisher = {{ACM}},
  year      = {2020},
  url       = {https://doi.org/10.1145/3394486.3403314},
  doi       = {10.1145/3394486.3403314},
  timestamp = {Tue, 09 Mar 2021 09:46:47 +0100},
  biburl    = {https://dblp.org/rec/conf/kdd/LiuZL0LTHL020.bib},
  bibsource = {dblp computer science bibliography, https://dblp.org}
}

@inproceedings{Review,
  author    = {Jiafeng Guo and
               Yixing Fan and
               Qingyao Ai and
               W. Bruce Croft},
  editor    = {Snehasis Mukhopadhyay and
               ChengXiang Zhai and
               Elisa Bertino and
               Fabio Crestani and
               Javed Mostafa and
               Jie Tang and
               Luo Si and
               Xiaofang Zhou and
               Yi Chang and
               Yunyao Li and
               Parikshit Sondhi},
  title     = {A Deep Relevance Matching Model for Ad-hoc Retrieval},
  booktitle = {Proceedings of the 25th {ACM} International Conference on Information
               and Knowledge Management, {CIKM} 2016, Indianapolis, IN, USA, October
               24-28, 2016},
  pages     = {55--64},
  publisher = {{ACM}},
  year      = {2016},
  url       = {https://doi.org/10.1145/2983323.2983769},
  doi       = {10.1145/2983323.2983769},
  timestamp = {Sun, 25 Oct 2020 23:18:49 +0100},
  biburl    = {https://dblp.org/rec/conf/cikm/GuoFAC16.bib},
  bibsource = {dblp computer science bibliography, https://dblp.org}
}

@inproceedings{Intra-Document-Cascading,
  author    = {Sebastian Hofst{\"{a}}tter and
               Bhaskar Mitra and
               Hamed Zamani and
               Nick Craswell and
               Allan Hanbury},
  editor    = {Fernando Diaz and
               Chirag Shah and
               Torsten Suel and
               Pablo Castells and
               Rosie Jones and
               Tetsuya Sakai},
  title     = {Intra-Document Cascading: Learning to Select Passages for Neural Document
               Ranking},
  booktitle = {{SIGIR} '21: The 44th International {ACM} {SIGIR} Conference on Research
               and Development in Information Retrieval, Virtual Event, Canada, July
               11-15, 2021},
  pages     = {1349--1358},
  publisher = {{ACM}},
  year      = {2021},
  url       = {https://doi.org/10.1145/3404835.3462889},
  doi       = {10.1145/3404835.3462889},
  timestamp = {Thu, 15 Jul 2021 15:30:48 +0200},
  biburl    = {https://dblp.org/rec/conf/sigir/HofstatterMZCH21.bib},
  bibsource = {dblp computer science bibliography, https://dblp.org}
}

@article{Bengio_representation_learning,
  author    = {Yoshua Bengio and
               Aaron C. Courville and
               Pascal Vincent},
  title     = {Representation Learning: {A} Review and New Perspectives},
  journal   = {{IEEE} Trans. Pattern Anal. Mach. Intell.},
  volume    = {35},
  number    = {8},
  pages     = {1798--1828},
  year      = {2013},
  url       = {https://doi.org/10.1109/TPAMI.2013.50},
  doi       = {10.1109/TPAMI.2013.50},
  timestamp = {Wed, 14 Nov 2018 10:51:00 +0100},
  biburl    = {https://dblp.org/rec/journals/pami/BengioCV13.bib},
  bibsource = {dblp computer science bibliography, https://dblp.org}
}

@article{xiao_speedy,
  title={Training Large-Scale News Recommenders with Pretrained Language Models in the Loop},
  author={Xiao, Shitao and Liu, Zheng and Shao, Yingxia and Di, Tao and Xie, Xing},
  journal={arXiv preprint arXiv:2102.09268},
  year={2021}
}

@article{Longformer,
  author    = {Iz Beltagy and
               Matthew E. Peters and
               Arman Cohan},
  title     = {Longformer: The Long-Document Transformer},
  journal   = {CoRR},
  volume    = {abs/2004.05150},
  year      = {2020},
  url       = {https://arxiv.org/abs/2004.05150},
  eprinttype = {arXiv},
  eprint    = {2004.05150},
  timestamp = {Tue, 14 Apr 2020 16:40:34 +0200},
  biburl    = {https://dblp.org/rec/journals/corr/abs-2004-05150.bib},
  bibsource = {dblp computer science bibliography, https://dblp.org}
}

@article{Fastformer,
  author    = {Chuhan Wu and
               Fangzhao Wu and
               Tao Qi and
               Yongfeng Huang and
               Xing Xie},
  title     = {Fastformer: Additive Attention Can Be All You Need},
  journal   = {CoRR},
  volume    = {abs/2108.09084},
  year      = {2021},
  url       = {https://arxiv.org/abs/2108.09084},
  eprinttype = {arXiv},
  eprint    = {2108.09084},
  timestamp = {Thu, 02 Sep 2021 08:19:46 +0200},
  biburl    = {https://dblp.org/rec/journals/corr/abs-2108-09084.bib},
  bibsource = {dblp computer science bibliography, https://dblp.org}
}

@inproceedings{gallagher_joint_cascade,
  title={Joint optimization of cascade ranking models},
  author={Gallagher, Luke and Chen, Ruey-Cheng and Blanco, Roi and Culpepper, J Shane},
  booktitle={Proceedings of the Twelfth ACM International Conference on Web Search and Data Mining},
  pages={15--23},
  year={2019}
}

@inproceedings{ali_SIM,
  author    = {Qi Pi and
               Guorui Zhou and
               Yujing Zhang and
               Zhe Wang and
               Lejian Ren and
               Ying Fan and
               Xiaoqiang Zhu and
               Kun Gai},
  editor    = {Mathieu d'Aquin and
               Stefan Dietze and
               Claudia Hauff and
               Edward Curry and
               Philippe Cudr{\'{e}}{-}Mauroux},
  title     = {Search-based User Interest Modeling with Lifelong Sequential Behavior
               Data for Click-Through Rate Prediction},
  booktitle = {{CIKM} '20: The 29th {ACM} International Conference on Information
               and Knowledge Management, Virtual Event, Ireland, October 19-23, 2020},
  pages     = {2685--2692},
  publisher = {{ACM}},
  year      = {2020},
  url       = {https://doi.org/10.1145/3340531.3412744},
  doi       = {10.1145/3340531.3412744},
  timestamp = {Fri, 25 Dec 2020 01:15:14 +0100},
  biburl    = {https://dblp.org/rec/conf/cikm/PiZZWRFZG20.bib},
  bibsource = {dblp computer science bibliography, https://dblp.org}
}